
@techreport{ShapiroPBZ11,
  TITLE = {{A comprehensive study of Convergent and Commutative Replicated Data Types}},
  AUTHOR = {Shapiro, Marc and Pregui{\c c}a, Nuno and Baquero, Carlos and Zawirski, Marek},
  URL = {https://hal.inria.fr/inria-00555588},
  TYPE = {Research Report},
  NUMBER = {RR-7506},
  PAGES = {50},
  INSTITUTION = {{Inria -- Centre Paris-Rocquencourt ; INRIA}},
  YEAR = {2011},
  MONTH = Jan,
  PDF = {https://hal.inria.fr/inria-00555588/file/techreport.pdf},
}
